% the terms like handout and texTemp are the unique identifiers you use to cite the item in your paper
@misc{secode,
 title = {Software Engineering Code of Ethics and Professional Practice},
 url = {http://www.acm.org/about/se-code#full},
 year = {1999},
 annote = {The Software Engineering Code of Ethics used for many of the arguments.},
}

@misc{bbcmillionstricked,
 author = {BBC},
 title = {Millions tricked by 'scareware'},
 year = {2009},
 month = {October},
 url = {http://news.bbc.co.uk/2/hi/technology/8313678.stm},
 annote = {Story of the 40 million scareware victims. Details how scareware is made to look like a legitimate warning, as well as many examples of the deceptive practices scareware uses.},
}

@misc{pcworld8.2million,
 author = {Grant Gross},
 title = {Alleged 'scareware' Vendors to Pay \$8.2 Million to FTC},
 year = {2011},
 month = {January},
 url = {http://www.pcworld.com/businesscenter/article/217987/alleged_scareware_vendors_to_pay_82_million_to_ftc.html},
 annote = {Pro argument for scareware. Man sold 1 million copies of software for 40 dollars a piece, only fined 8.2 million},
}

@misc{pcworldandroid,
 author = {Tom Spring},
 title = {Sleazy Ads on Android Devices Push Bogus 'Battery Upgrade' Warnings},
 year = {2011},
 month = {October},
 url = {http://www.pcworld.com/article/241967/sleazy_ads_on_android_devices_push_bogus_battery_upgrade_warnings.html},
 annote = {Examples of scareware on the Android side. In-app ads saying that your phone's battery needed upgrading, then installing scareware when you download the recommended software.},
}

@misc{ftccourtcase,
 author = {Federal Trade Commission},
 title = {Court Halts Bogus Computer Scans},
 year = {2008},
 month = {December},
 url = {http://www.ftc.gov/opa/2008/12/winsoftware.shtm},
 annote = {FTC Court case ruling against scareware. This scareware falsely claimed a computer had a virus, then tricked the user into installing anti-virus software that they did not need.},
}

@misc{registercoldtactics,
 author = {John Leyden},
 title = {Scareware scammers adopt cold call tactics},
 year = {2009},
 month = {April},
 url = {http://www.theregister.co.uk/2009/04/10/supportonclick_scareware_scam/},
 annote = {Scareware being promoted through cold telephone calls. People would get phone calls saying their computer was infected, and given instructions on how to install scareware.},
}

@misc{bbcfighting,
 author = {Maggie Shiels},
 title = {Fighting the scourge of scareware},
 year = {2008},
 month = {October},
 url = {http://news.bbc.co.uk/2/hi/technology/7645420.stm},
 annote = {Microsoft's lawsuit against scareware in the personal computer segment. Specifically, the lawsuit was against James Reed McCreary IV and his company that "sent incessant pop-ups resembling system warnings to consumers' personal computers".},
}

@misc{airfranceflight,
 author = {JM Hipolito},
 title = {Air France Flight 447 Search Results Lead to Rogue Antivirus},
 year = {2009},
 month = {June},
 url = {http://blog.trendmicro.com/search-results-for-air-france-flight-447-lead-to-rogue-antivirus/},
 annote = {Scareware hijacking links related to top news stories through SEO and installing software. This was a new way of getting scareware out to people, through "SEO Poisoning".},
}

@misc{ftcorder,
 author = {Federal Trade Commission},
 title = {STIPULATED FINAL ORDER FOR PERMANENT INJUNCTION AND MONETARY JUDGMENT AS TO MARC D'SOUZA AND MAURICE D'SOUZA},
 year = {2011},
 month = {January},
 url = {http://ftc.gov/os/caselist/0723137/110127innovativemktgorder.pdf},
 annote = {The legal document fining the D'Souza's for their scareware scheme. This is mainly a negative, as it shows that this type of scareware does have legal repercussions},
}

@misc{malwareblogfakeav,
 author = {Roland Dela Paz},
 title = {The Persistence of FAKEAV},
 year = {2010},
 month = {August},
 url = {http://blog.trendmicro.com/the-persistence-of-fakeav/},
 annote = {Pro scareware article. It deems FAKEAV a "social engineering success story" that leverages on human weakness.},
}

@misc{billmullins,
 author = {Bill Mullins},
 title = {Scareware Is Everywhere - As Mac Users Just Found Out},
 year = {2011},
 month = {May},
 url = {http://billmullins.wordpress.com/2011/05/28/scareware-is-everywhere-as-mac-users-just-found-out/},
 annote = {Pro scareware article. Goes through the steps of preventing scareware, and comes to the conclusion that it is the users' fault if any malware is installed.},
}

@misc{actutil,
 author = {The Penguin Dictionary of Philosophy},
 title = {Act-Utilitarianism},
 url = {http://www.utilitarianism.com/actutil.htm},
 annote = {Definition of Act Utilitarianism. Used in analysis.},
}

@misc{teamsize,
 author = {Jurgen Appelo},
 title = {The Optimal Team Size is Five},
 url = {http://www.noop.nl/2009/04/the-optimal-team-size-is-five.html},
 annote = {Optimal team size research done by an agile development researcher. Finds that optimal team size is 5.},
}

@misc{sesalary,
 author = {PayScale},
 title = {Salary for Software Engineer/Developer/Programmer Jobs},
 url = {http://www.payscale.com/research/US/Job=Software_Engineer_%2F_Developer_%2F_Programmer/Salary},
 annote = {Average Software Engineering salaries. The average is between 40k to 100k a year.},
}

@misc{dictionary,
 author = {Dictionary.com},
 url = {http://dictionary.reference.com/},
 annote = {The dictionary. This is used to define software engineer and moderate.},
}

@misc{mcafeewinfixer,
 author = {McAfee},
 url = {http://vil.mcafeesecurity.com/vil/content/v_135733.htm},
 annote = {McAfee's page on WinFixer and the dangers it brings along with it. Describes in detail what WinFixer is.},
}

@misc{symantecwinfixer,
 author = {Symantec},
 title = {WinFixer},
 url = {http://www.symantec.com/security_response/writeup.jsp?docid=2005-120121-2151-99&tabid=2},
 annote = {Symantec's page on WinFixer and how to remove it. Describes in detail what WinFixer is.},
}

@misc{badwarewinfixer,
 author = {StopBadware}
 title = {WinFixer 2005, WinFixer 2006}
 url = {http://www.stopbadware.org/reports/reportdisplay?reportname=winfixer}
 annote = {StopBadware's report on WinFixer. Describes what makes WinFixer "bad" as well as describing what it looks like to the user when it is being installed.},
}

@misc{ncsupaper,
 author = {North Carolina State University}
 title = {New Study Highlights Risk of Fake Popup Warnings for Internet Users}
 url = {http://news.ncsu.edu/releases/new-study-highlights-risk-of-fake-popup-warnings-for-internet-users/}
 annote = {Presents a study on how users interact with popup windows even if they are aware they might be fake. Shows that users can be stupid.},
}
